@article{briere1999novel,
  title={A novel rate model of temperature-dependent development for arthropods},
  author={Briere, Jean-Francois and Pracros, Pascale and Le Roux, Alain-Yves and Pierre, Jean-Sebastien},
  journal={Environmental Entomology},
  volume={28},
  number={1},
  pages={22--29},
  year={1999},
  publisher={Oxford University Press Oxford, UK}
  abstract = {Briere model}
}

@article{ratkowsky1983model,
  title={Model for bacterial culture growth rate throughout the entire biokinetic temperature range.},
  author={Ratkowsky, DA and Lowry, RK and McMeekin, TA and Stokes, AN and Chandler, RE217594},
  journal={Journal of bacteriology},
  volume={154},
  number={3},
  pages={1222--1226},
  year={1983},
  publisher={Am Soc Microbiol}
  abstract = {Ratkowsky model}
}

@article{johnson2004model,
  title={Model selection in ecology and evolution},
  author={Johnson, Jerald B and Omland, Kristian S},
  journal={Trends in ecology \& evolution},
  volume={19},
  number={2},
  pages={101--108},
  year={2004},
  publisher={Elsevier}
  abstract = {Model selection: AIC and BIC}
}

@article{sinclair2016can,
  title={Can we predict ectotherm responses to climate change using thermal performance curves and body temperatures?},
  author={Sinclair, Brent J and Marshall, Katie E and Sewell, Mary A and Levesque, Danielle L and Willett, Christopher S and Slotsbo, Stine and Dong, Yunwei and Harley, Christopher DG and Marshall, David J and Helmuth, Brian S and others},
  journal={Ecology Letters},
  volume={19},
  number={11},
  pages={1372--1385},
  year={2016},
  publisher={Wiley Online Library}
}

@article{schulte2011thermal,
  title={Thermal performance curves, phenotypic plasticity, and the time scales of temperature exposure},
  author={Schulte, Patricia M and Healy, Timothy M and Fangue, Nann A},
  journal={Integrative and comparative biology},
  volume={51},
  number={5},
  pages={691--702},
  year={2011},
  publisher={Oxford University Press}
}

@article{bowler2008insect,
  title={Insect thermal tolerance: what is the role of ontogeny, ageing and senescence?},
  author={Bowler, Ken and Terblanche, John S},
  journal={Biological Reviews},
  volume={83},
  number={3},
  pages={339--355},
  year={2008},
  publisher={Wiley Online Library}
}

@article{clusella2011climatic,
  title={Climatic predictors of temperature performance curve parameters in ectotherms imply complex responses to climate change},
  author={Clusella-Trullas, Susana and Blackburn, Tim M and Chown, Steven L},
  journal={The American Naturalist},
  volume={177},
  number={6},
  pages={738--751},
  year={2011},
  publisher={University of Chicago Press Chicago, IL}
}

@article{sunday2011global,
  title={Global analysis of thermal tolerance and latitude in ectotherms},
  author={Sunday, Jennifer M and Bates, Amanda E and Dulvy, Nicholas K},
  journal={Proceedings of the Royal Society B: Biological Sciences},
  volume={278},
  number={1713},
  pages={1823--1830},
  year={2011},
  publisher={The Royal Society}
}

@article{allen2002global,
  title={Global biodiversity, biochemical kinetics, and the energetic-equivalence rule},
  author={Allen, Andrew P and Brown, James H and Gillooly, James F},
  journal={Science},
  volume={297},
  number={5586},
  pages={1545--1548},
  year={2002},
  publisher={American Association for the Advancement of Science}
}

@article{grigaltchik2012thermal,
  title={Thermal acclimation of interactions: differential responses to temperature change alter predator--prey relationship},
  author={Grigaltchik, Veronica S and Ward, Ashley JW and Seebacher, Frank},
  journal={Proceedings of the Royal Society B: Biological Sciences},
  volume={279},
  number={1744},
  pages={4058--4064},
  year={2012},
  publisher={The Royal Society}
}

@article{krenek2011thermal,
  title={Thermal performance curves of Paramecium caudatum: a model selection approach},
  author={Krenek, Sascha and Berendonk, Thomas U and Petzoldt, Thomas},
  journal={European Journal of Protistology},
  volume={47},
  number={2},
  pages={124--137},
  year={2011},
  publisher={Elsevier}
}

@article{sears2011introduction,
  title={Introduction to the symposium: responses of organisms to climate change: a synthetic approach to the role of thermal adaptation},
  author={Sears, Michael W and Angilletta Jr, Michael J},
  journal={Integrative and comparative biology},
  volume={51},
  number={5},
  pages={662--665},
  year={2011},
  publisher={Oxford University Press}
}

@article{angilletta2006estimating,
  title={Estimating and comparing thermal performance curves},
  author={Angilletta Jr, Michael J},
  journal={Journal of Thermal Biology},
  volume={31},
  number={7},
  pages={541--545},
  year={2006},
  publisher={Elsevier}
}



@article{buckland1997model,
  title={Model selection: an integral part of inference},
  author={Buckland, Steven T and Burnham, Kenneth P and Augustin, Nicole H},
  journal={Biometrics},
  pages={603--618},
  year={1997},
  publisher={JSTOR}
}


@article{vasseur2014increased,
  title={Increased temperature variation poses a greater risk to species than climate warming},
  author={Vasseur, David A and DeLong, John P and Gilbert, Benjamin and Greig, Hamish S and Harley, Christopher DG and McCann, Kevin S and Savage, Van and Tunney, Tyler D and O'Connor, Mary I},
  journal={Proceedings of the Royal Society B: Biological Sciences},
  volume={281},
  number={1779},
  pages={20132612},
  year={2014},
  publisher={The Royal Society}
}

@article{kingsolver2013heat,
  title={Heat stress and the fitness consequences of climate change for terrestrial ectotherms},
  author={Kingsolver, Joel G and Diamond, Sarah E and Buckley, Lauren B},
  journal={Functional Ecology},
  volume={27},
  number={6},
  pages={1415--1423},
  year={2013},
  publisher={Wiley Online Library}
}

@article{kuha2004aic,
  title={AIC and BIC: Comparisons of assumptions and performance},
  author={Kuha, Jouni},
  journal={Sociological methods \& research},
  volume={33},
  number={2},
  pages={188--229},
  year={2004},
  publisher={Sage Publications Sage CA: Thousand Oaks, CA}
}

@article{wit2012all,
  title={‘All models are wrong...’: an introduction to model uncertainty},
  author={Wit, Ernst and Heuvel, Edwin van den and Romeijn, Jan-Willem},
  journal={Statistica Neerlandica},
  volume={66},
  number={3},
  pages={217--236},
  year={2012},
  publisher={Wiley Online Library}
}

@article{deleeuw1992akaike,
  title={Akaike (1973) Information Theory and an Extension of the Maximum Likelihood Principle},
  author={deLeeuw, J},
  journal={University of California at Los Angeles},
  year={1992}
}

@article{box1979all,
  title={All models are wrong, but some are useful},
  author={Box, George EP},
  journal={Robustness in Statistics},
  volume={202},
  pages={549},
  year={1979}
}

@article{burnham2004multimodel,
  title={Multimodel inference: understanding AIC and BIC in model selection},
  author={Burnham, Kenneth P and Anderson, David R},
  journal={Sociological methods \& research},
  volume={33},
  number={2},
  pages={261--304},
  year={2004},
  publisher={Sage Publications Sage CA: Thousand Oaks, CA}
}



@article{zucchini2000introduction,
  title={An introduction to model selection},
  author={Zucchini, Walter},
  journal={Journal of mathematical psychology},
  volume={44},
  number={1},
  pages={41--61},
  year={2000},
  publisher={Elsevier}
}

@article{ranganathan2004levenberg,
  title={The levenberg-marquardt algorithm},
  author={Ranganathan, Ananth},
  journal={Tutoral on LM algorithm},
  volume={11},
  number={1},
  pages={101--110},
  year={2004}
}

@article{lourakis2005brief,
  title={A brief description of the Levenberg-Marquardt algorithm implemented by levmar},
  author={Lourakis, Manolis IA and others},
  journal={Foundation of Research and Technology},
  volume={4},
  number={1},
  pages={1--6},
  year={2005}
}
